
@article{coniezInventionCompteRendu2010,
  title = {L'Invention du compte rendu intégral des débats en France (1789-1848)},
  author = {Coniez, Hugo},
  date = {2010},
  journaltitle = {Parlement[s], Revue d'histoire politique},
  shortjournal = {Parlement[s], Revue d'histoire politique},
  pages = {146--158},
  publisher = {{L'Harmattan}},
  location = {{Paris}},
  issn = {1768-6520},
  url = {https://www.cairn.info/revue-parlements1-2010-2-page-146.htm},
  urldate = {2022-08-12},
  abstract = {Parce qu’elles organisent la parole et la représentation du pluralisme, les assemblées sont des lieux d’ordre. Pourtant, du chahut dans l’hémicycle aux échanges d’insultes et parfois de coups, l’ordre parlementaire est souvent troublé. Les exemples récents des rixes à la Rada Suprême d’Ukraine ou des tensions au Congrès américain lors de la réforme de la politique de santé montrent que les épisodes de violence n’appartiennent pas qu’au passé. Ce numéro interroge le rapport spécifique que les assemblées parlementaires entretiennent avec le processus de pacification des mœurs politiques. Ses contributions envisagent ainsi les diverses facettes institutionnelles, historiques et sociologiques de ce phénomène. La rubrique « Sources », enfin, souligne les efforts paradoxaux de l’institution parlementaire pour contrôler la violence de ses membres en la codifiant aussi bien qu’en la publicisant.},
  langid = {french},
  keywords = {démocratie,fonction publique parlementaire,publicité des débats,Révolution française,sténographie}
}

@article{gardeyScriptesDemocratieStenographes2010a,
  title = {Scriptes de la démocratie : les sténographes et rédacteurs des débats (1848–2005)},
  shorttitle = {Scriptes de la démocratie},
  author = {Gardey, Delphine},
  date = {2010-06-01},
  journaltitle = {Sociologie du travail},
  number = {2},
  pages = {195--211},
  publisher = {{Association pour le développement de la sociologie du travail}},
  issn = {0038-0296},
  url = {https://journals.openedition.org/sdt/13695},
  urldate = {2022-08-12},
  abstract = {Le projet de cet article est de rendre compte de l’histoire et de la sociologie d’un groupe de fonctionnaires singuliers –~les sténographes parlementaires~– dont le métier est intimement lié à l’histoire du parlementarisme dans la plupart des démocraties du monde. Au cours du xixe siècle, les sténographes français proposent leurs services aux assemblées et éprouvent et valident leurs systèmes théoriques et leurs savoir-faire tout en promettant l’édification d’un bien commun plus vaste, la publicité des débats parlementaires, élément de définition et d’approfondissement de la démocratie. Après un régime «~libéral~» de restitution des débats, proche du modèle libéral anglais, est mis en place en France en 1848, de nouveau sous la IIIe République et de façon continue jusqu’en 2004, un corps de fonctionnaires sténographes chargés de produire le compte rendu intégral (et officiel) des débats parlementaires, témoignant pour la presse et l’histoire de la véracité des dires et des faits. Conduite à partir d’un matériau sociologique et historique original, cette enquête vise à questionner la façon dont les institutions sont façonnées, produites et reproduites par les savoirs et les faire, dont des valeurs s’incarnent, dont les institutions prennent forme. Au-delà de l’institution de la publicité des débats, l’article s’intéresse aux conditions techniques, matérielles et sociales de définition de l’Assemblée nationale comme institution politique.},
  langid = {french},
  keywords = {Anthropologie politique,Assemblée nationale,Démocratie,Écriture,Genre,Professions,Publicité,Sociologie des institutions,Sténographie,Technique,XIXe siècle,XXe siècle},
  file = {/home/fanny/snap/zotero-snap/common/Zotero/storage/V9MCLPBX/Gardey - 2010 - Scriptes de la démocratie  les sténographes et ré.pdf}
}

@article{gaudillerePubliciteDebatsParlementaires2008,
  title = {La publicité des débats parlementaires (1852-1870)},
  author = {Gaudillère, Bernard},
  date = {2008},
  journaltitle = {Parlement[s], Revue d'histoire politique},
  shortjournal = {Parlement[s], Revue d'histoire politique},
  pages = {27--49},
  publisher = {{L'Harmattan}},
  location = {{Paris}},
  issn = {1768-6520},
  url = {https://www.cairn.info/revue-parlements1-2008-3-page-27.htm},
  urldate = {2022-08-12},
  abstract = {Né d’un coup d’État et disparu à la suite d’une défaite humiliante contre l’Allemagne, le Second Empire (1852-1870), dernière monarchie de l’histoire de France insérée entre deux Républiques, a été longtemps dénigré. Il constituait le répertoire idéal de tous les maux du politique : personnalisation du pouvoir, autoritarisme, antiparlementarisme, instrumentalisation des masses, affairisme… Depuis quelques années, les historiens ont redécouvert ce régime qui est d’une incroyable modernité et offre des clés indispensables pour comprendre les décennies suivantes et le temps présent. Parlement(s) a souhaité participer, à sa manière, à la commémoration du bicentenaire de la naissance de Napoléon III en proposant dans ce numéro thématique neuf articles qui, dans leur diversité, témoignent de cette réévaluation.},
  langid = {french},
  keywords = {Corps législatif,démocratie représentative,publicité des débats parlementaires,Second Empire,Sénat},
  file = {/home/fanny/snap/zotero-snap/common/Zotero/storage/T6GK3SGV/Gaudillère - 2008 - La publicité des débats parlementaires (1852-1870).pdf}
}

@inreference{JournalOfficielRepublique2022,
  title = {\emph{Journal officiel de la République française}},
  booktitle = {Wikipédia},
  date = {2022-07-18T04:32:29Z},
  url = {https://fr.wikipedia.org/w/index.php?title=Journal_officiel_de_la_R%C3%A9publique_fran%C3%A7aise&oldid=195403573},
  urldate = {2022-08-13},
  abstract = {Le Journal officiel de la République française (abrégé JORF ou simplement JO) est le quotidien officiel de la France, dans lequel sont consignés tous les ordonnances et les lois ainsi que les textes réglementaires (arrêtés, décrets), les déclarations officielles et les publications légales. Il est sous-titré Lois et décrets, Édition des documents administratifs, ou Débats parlementaires selon la nature des textes qu'il contient.  Il est édité par la direction de l'information légale et administrative (service du Premier ministre). Le siège du Journal officiel se trouve au 26, rue Desaix, dans le 15e arrondissement de Paris, depuis 1955 ; il était auparavant au 31, quai Voltaire, dans le 7e arrondissement de Paris. Le JO est publié chaque jour, du mardi au dimanche sauf le lundi, les lendemains de jours fériés, le jour de Noël et le jour de la Fête du Travail. En cas de circonstances exceptionnelles, le JO peut également être publié les autres jours. La date de parution au JO conditionne en général la date à laquelle le texte produit des effets juridiques (puisqu'il faut qu'un texte soit publié, c'est-à-dire rendu public, pour être applicable), sauf si le texte lui-même indique un délai d'application. Si un texte publié au JO ne précise pas sa date d'effet, le texte entre en vigueur le lendemain du jour de sa publication. Des articles de lois renvoyant à des décrets d'application ne peuvent entrer en vigueur tant que les décrets ne sont pas à leur tour publiés au JO. On y trouve les nominations aux emplois publics importants (soit les emplois laissés à la discrétion du gouvernement, et les emplois décidés après avis du Conseil des Ministres)  et les remises de médailles, comme la Légion d'honneur et l'ordre du Mérite, créé par le général de Gaulle en 1963.},
  langid = {french},
  annotation = {Page Version ID: 195403573}
}


@article{morelCeQueConte2018,
  title = {Ce que conte le compte rendu~: l’institution d’un ordre parlementaire idéalisé},
  shorttitle = {Ce que conte le compte rendu},
  author = {Morel, Benjamin},
  date = {2018},
  journaltitle = {Droit et société},
  shortjournal = {Droit et société},
  pages = {179--199},
  publisher = {{Lextenso}},
  location = {{Paris}},
  issn = {0769-3362},
  url = {https://www.cairn.info/revue-droit-et-societe-2018-1-page-179.htm},
  urldate = {2022-08-31},
  abstract = {Cet article tend à envisager les questions que nous pose la rédaction du compte rendu intégral des débats parlementaires. Cet outil, facile d’accès, est très employé par les chercheurs, que ce soit dans les analyses qualitatives ou quantitatives. Pour autant, est-on sûr que les mots rapportés soient ceux qui ont été effectivement prononcés~? Quels biais s’insinuent dans notre lecture du compte rendu~? Biais dans notre lecture et non dans son écriture. Car le peu de recul que nous développons vis-à-vis du matériau de recherche provient d’une mésinterprétation de ses objectifs de production. Le compte rendu n’est pas un verbatim. Le compte rendu est un acte d’institution produit à dessein d’assurer une transition entre la plurivocité des débats parlementaires et l’univocité de la norme juridique produite. Il se veut ainsi la mise en forme d’un ordre parlementaire fortement idéalisé et ritualisé permettant d’assurer la lisibilité du processus législatif et, partant, la validité et la légitimité du droit.},
  langid = {french},
  keywords = {Compte rendu intégral des débats parlementaires,Institution,Ordre parlementaire,Parlement}
}

@book{HistoireSeance,
  author    = {Coniez, Hugo},
  title     = {Écrire la démocratie : De la publicité des débats parlementaires},
  edition   = {Éditions L'Harmattan},
  publisher = {},
  year      = {2008},
  month     = {06},
}

@misc{article33,
  author       = {Constitution française},
  title        = {Article 33 de la Constitution du 4 octobre 1958},
  howpublished = {Journal officiel},
  year         = {1958},
  note         = {Version en vigueur depuis le 05 octobre 1958},
}

@online{senat_tables_debats,
  author       = {Sénat français},
  title        = {Les tables des débats},
  year         = {2024},
  url          = {https://www.senat.fr/les-tables-des-debats.html},
  urldate      = {2024-09-22},
  note         = {Consulté le 22 septembre 2024},
}

@manual{GuideduLecteur,
  key     = {Sénat},
  title   = {Guide du Lecteur Archives du Sénat},
  year    = {2023},
}

@manual{Essentiel,
  key     = {Sénat},
  title   = {L'essentiel},
  year    = {2020},
}

@manual{QuestcequeleSenat,
  key     = {Sénat},
  title   = {Qu'est-ce que le Sénat ?},
  year    = {2024},
}

@manual{VadeMecum,
  key     = {Sénat},
  title   = {Vade Mecum Analyse du Journal Officiel},
  author  = {Laumonerie, Ghislaine and Ticchi, Jean-Marc},
  year    = {2018},
}

@manual{Guidepratiquebornage,
  key     = {Sénat},
  title   = {Guide pratique bornage et saisie des J.O.},
  author  = {Zeppa, Linne},
  year    = {2023},
}

@manual{Récapitulatifdesmodifications,
  key     = {Sénat},
  title   = {Récapitulatif des modifications de l'analyse des débats et leur calendrier de mise en œuvre},
  author  = {Laumonerie, Ghislaine},
  year    = {2017},
}

@manual{Lesdirectiondelabiblioetdesarchives,
  key     = {Sénat},
  title   = {La Direction de la Bibliothèque et des Archives},
  author  = {Anne-Julie, COSTE},
  year    = {2019},
}

@online{senat_comptes_rendus,
  author    = {Sénat},
  title     = {Comptes rendus intégraux des séances},
  year      = {2024},
  url       = {https://www.senat.fr/seances/seances.html},
  note      = {Consulté le 29 septembre 2024},
}

@online{fichecommissionaffairesetrangeres,
  author    = {Sénat},
  title     = {LA COMMISSION DES AFFAIRES ÉTRANGÈRES, DE LA DÉFENSE ET DES FORCES ARMÉES},
  year      = {2021},
  url       = {https://www.senat.fr/fileadmin/import/files/fileadmin/Fichiers/Images/commission/affaires_etrangeres/Docs_en_pdf/presentation_octobre_2021.pdf},
  note      = {Consulté le 01 octobre 2024},
}

@online{lescommissionspermanentes,
  author    = {Sénat},
  title     = {Tout ce qu'il faut savoir sur les commissions permanentes},
  year      = {2024},
  url       = {https://www.senat.fr/travaux-parlementaires/commissions.html},
  note      = {Consulté le 01 octobre 2024},
}

@online{indexpropositionsdeloi,
  author    = {Sénat},
  title     = {Index des propositions de lois},
  year      = {2024},
  url       = {https://www.senat.fr/dossiers-legislatifs/index-general-projets-propositions-de-lois.html},
  note      = {Consulté le 01 octobre 2024},
}

@book{Recueildefichesdusenat,
  author    = {Service des relations internationales du Sénat},
  title     = {Recueil de fiches pratiques sur le Sénat},
  edition = {Sénat},
  publisher = {Sénat},
  year      = {2009},
}

@online{JournalOfficielRepublique,
  title = {Journal Officiel de La {{République}} Française - 70 Années Disponibles},
  url = {https://gallica.bnf.fr/ark:/12148/cb34378481r/date.r=Journal+officiel+de+la+republique+francaise+Lois+et+decrets.langFR},
  urldate = {2022-08-14},
  organization = {{Gallica}}
}


@online{blumJournalOfficielDans2016,
  title = {Le {{Journal}} Officiel Dans {{Gallica}} (1869-1946)},
  author = {Blum, Catherine},
  date = {2016-01-19},
  url = {https://gallica.bnf.fr/blog/19012016/le-journal-officiel-dans-gallica-1869-1946?mode=desktop},
  urldate = {2022-08-11},
  organization = {{Le blog de Gallica}}
}
